% Encoding: UTF-8

@Article{volkow14,
  author  = {Volkow , Nora D. and Frieden , Thomas R. and Hyde , Pamela S. and Cha , Stephen S.},
  title   = {Medication-Assisted Therapies: Tackling the Opioid-Overdose Epidemic},
  journal = {New England Journal of Medicine},
  year    = {2014},
  volume  = {370},
  number  = {22},
  pages   = {2063-2066},
  note    = {PMID: 24758595},
  doi     = {10.1056/NEJMp1402780},
  eprint  = {http://dx.doi.org/10.1056/NEJMp1402780},
  url     = {http://dx.doi.org/10.1056/NEJMp1402780},
}

@Article{signorini11,
  author  = {Signorini, A. and Segre, A. M. and Polgreen, P. M.},
  title   = {The use of twitter to track levels of disease activity and public concern in the U.S. during the influenza A H1N1 pandemic.},
  journal = {PLOS ONE},
  year    = {2011},
  volume  = {6},
  number  = {5},
  pages   = {e19467},
  month   = May,
  doi     = {https://doi.org/10.1371/journal.pone.0019467},
  url     = {http://journals.plos.org/plosone/article?id=10.1371/journal.pone.0019467},
}

@Article{paul14,
  author  = {Michael J. Paul and Mark Dredze and David Broniatowski},
  title   = {Twitter Improves Influenza Forecasting},
  journal = {PLOS Currents: Outbreaks},
  year    = {2014},
  volume  = {6},
  number  = {1},
  month   = Oct,
  doi     = {10.1371/currents.outbreaks.90b9ed0f59bae4ccaa683a39865d9117.},
  url     = {https://www.ncbi.nlm.nih.gov/pmc/articles/PMC4234396/},
}

@Misc{cdc18,
  author       = {Centers for Disease Control and Prevention},
  title        = {Opioid overdose: Understanding the epidemic},
  howpublished = {online},
  month        = Jan,
  year         = {2018},
  owner        = {Centers for Disease Control and Prevention},
  url          = {https://www.cdc.gov/drugoverdose/index.html },
}

@Article{pastor01,
  author    = {Romualdo Pastor-Satorras and Alessandro Vespignani},
  title     = {Epidemic Spreading in Scale-Free Networks},
  journal   = {Phys. Rev. Lett.},
  year      = {2001},
  volume    = {86},
  pages     = {3200-3203},
  month     = {Apr},
  doi       = {10.1103/PhysRevLett.86.3200},
  issue     = {14},
  publisher = {American Physical Society},
  url       = {https://link.aps.org/doi/10.1103/PhysRevLett.86.3200},
}

@Article{watts98,
  author  = {Watts, D. J. and Strogatz, S .H.},
  title   = {Collective dynamics of ‘small-world’ networks.},
  journal = {Nature},
  year    = {1998},
  volume  = {393},
  number  = {4},
  pages   = {440-442},
  month   = Jun,
  url     = {http://www.stat.cmu.edu/~fienberg/Stat36-835/WattsStrogatz-Nature-1998.pdf},
}

@Article{granovetter73,
  author  = {Granovetter, M. S.},
  title   = {The strength of weak ties.},
  journal = {American Journal of Sociology},
  year    = {1973},
  volume  = {78},
  number  = {6},
  pages   = {1360–1380},
  month   = May,
  doi     = {10.1086/225469},
  url     = {https://sociology.stanford.edu/sites/default/files/publications/the_strength_of_weak_ties_and_exch_w-gans.pdf},
}

@Misc{nida18,
  author       = {National Institute on Drug Abuse},
  title        = {Opioid Overdose Crisis},
  howpublished = {online},
  month        = Jan,
  year         = {2018},
  owner        = {ational Institutes of Health (NIH)},
  url          = {https://www.drugabuse.gov/drugs-abuse/opioids/opioid-overdose-crisis},
}

@InProceedings{culotta10,
  author       = {Aron Culotta},
  title        = {Towards detecting influenza epidemics by analyzing},
  booktitle    = {Proceedings of the 1st Workshop on Social Media Analytics},
  year         = {2010},
  editor       = {Society of Media Analytics (SOMA ’10),},
  address      = {Washington, D.C.},
  month        = Jul,
  organization = {Society of Media Analytics},
  publisher    = {ACM},
  url          = {http://snap.stanford.edu/soma2010/papers/soma2010_16.pdf},
}

@Article{lazer14,
  author    = {Lazer, David and Kennedy, Ryan and King, Gary and Vespignani, Alessandro},
  title     = {The Parable of Google Flu: Traps in Big Data Analysis},
  journal   = {Science},
  year      = {2014},
  volume    = {343},
  number    = {6176},
  pages     = {1203-1205},
  issn      = {0036-8075},
  doi       = {10.1126/science.1248506},
  eprint    = {http://science.sciencemag.org/content/343/6176/1203.full.pdf},
  publisher = {American Association for the Advancement of Science},
  url       = {https://scholar.harvard.edu/files/gking/files/0314policyforumff.pdf},
}

@Article{nascimento14,
  author  = {Nascimento, T. D., DosSantos, M. F., Danciu, T., DeBoer, M., van Holsbeeck, H., Lucas, S. R., … DaSilva, A. F.},
  title   = {Real-Time Sharing and Expression of Migraine Headache Suffering on Twitter: A Cross-Sectional Infodemiology Study.},
  journal = {Journal of Medical Internet Research},
  year    = {2014},
  volume  = {16},
  number  = {4},
  pages   = {e96},
  month   = apr,
  doi     = {http://doi.org/10.2196/jmir.3265},
}

@Article{chary17,
  author  = {Michael Chary and Nicholas Genes and Christophe Giraud-Carrier and Carl Hanson and Lewis S. Nelson and Alex F. Manini},
  title   = {Epidemiology from Tweets: Estimating Misuse of Prescription Opioids in the USA from Social Media},
  journal = {J. Med. Toxicol.},
  year    = {2017},
  volume  = {13},
  number  = {4},
  pages   = {278-286},
  month   = aug,
  url     = {https://doi.org/10.1007/s13181-017-0625-5},
}

@Article{dzierak17,
  author    = {Louis Dzierak},
  title     = {AI Scans Twitter for Signs of Opioid Abuse. Scientific American},
  journal   = {Scientific American},
  year      = {2017},
  month     = Oct,
  comment   = {Published online},
  timestamp = {2017-10-20},
  url       = {https://www.scientificamerican.com/article/ai-scans-twitter-for-signs-of-opioid-abuse/},
}

@Article{sarker16,
  author  = {Abeed Sarker and Karen O’Connor and Rachel Ginn and Matthew Scotch and Karen Smith and Dan Malone and Graciela Gonzalez},
  title   = {Social Media Mining for Toxicovigilance: Automatic Monitoring of Prescription Medication Abuse from Twitter},
  journal = {Drug Safety},
  year    = {2016},
  volume  = {39},
  number  = {3},
  pages   = {231-240},
  month   = mar,
  doi     = {https://doi.org/10.1007/s40264-015-0379-4},
  url     = {https://link.springer.com/article/10.1007/s40264-015-0379-4},
}

@Article{mackey17,
  author  = {Tim K. Mackey and Janani Kalyanam and Takeo Katsuki and Gert Lanckriet},
  title   = {Twitter-Based Detection of Illegal Online Sale of Prescription Opioid.},
  journal = {American Journal of Public Health},
  year    = {2017},
  volume  = {107},
  number  = {12},
  pages   = {1910-1915},
  month   = nov,
  note    = {PMID: 29048960},
  doi     = {10.2105/AJPH.2017.303994},
  url     = {https://doi.org/10.2105/AJPH.2017.303994},
}

@Article{carlson16,
  author  = {Robert G. Carlson,1,* Ramzi W. Nahhas,2 Silvia S. Martins,3 and Raminta Daniulaityte1},
  title   = {Predictors of transition to heroin use among initially non-opioid dependent illicit pharmaceutical opioid users: A natural history study},
  journal = {Drug and Alcohol Dependence},
  year    = {2016},
  volume  = {160},
  pages   = {127–134},
  doi     = {10.1016/j.drugalcdep.2015.12.026},
  url     = {http://europepmc.org/articles/pmc4767561},
}

@Article{hanson13,
  author  = {Carl Lee Hanson1 and Ben Cannon1 and Scott Burton and Christophe Giraud-Carrier},
  title   = {An Exploration of Social Circles and Prescription Drug Abuse Through Twitter},
  journal = {Journal of Medical Internet Research},
  year    = {2013},
  volume  = {15},
  number  = {9},
  pages   = {e189},
  month   = jun,
  note    = {PMID: 24014109},
  doi     = {10.2196/jmir.2741},
  url     = {http://www.jmir.org/2013/9/e189},
}

@Article{vowles15,
  author  = {Kevin E. Vowles and Mindy L. McEntee and Peter Siyahhana Julnes and Tessaa Frohe and John P. Ney and David N. van der Goes},
  title   = {Rates of opioid misuse, abuse, and addiction in chronic pain: a systematic review and data synthesis},
  journal = {PAIN},
  year    = {2015},
  volume  = {156},
  number  = {4},
  pages   = {569–576},
  month   = apr,
  doi     = {10.1097/01.j.pain.0000460357.01998.f1},
  url     = {https://idhdp.com/media/400537/rates_of_opioid_misuse-_abuse-_and_addiction_in3.pdf},
}

@Article{varshney13,
  author  = {Varshney, Upkar},
  title   = {Smart medication management system and multiple interventions for medication adherence},
  journal = {Decision Support Systems},
  year    = {2013},
  volume  = {55},
  number  = {5},
  pages   = {538-551},
  month   = May,
  doi     = {https://doi.org/10.1016/j.dss.2012.10.011},
  url     = {http://www.sciencedirect.com/science/article/pii/S0167923612002667},
}

@Article{garl17,
  author  = {Eric L. Garl and Craig J. Bryan and Yoshio Nakamura and Brett Froeliger and Matthew O. Howard},
  title   = {Deficits in autonomic indices of emotion regulation and reward processing associated with prescription opioid use and misuse},
  journal = {Psychopharmacology},
  year    = {2017},
  volume  = {234},
  number  = {4},
  pages   = {621–629},
  month   = feb,
  doi     = {https://doi.org/10.1007/s00213-016-4494-4},
  url     = {https://doi.org/10.1007/s0021},
}

@Article{eysenbach09,
  author  = {Gunther Eysenbach},
  title   = {Infodemiology and Infoveillance: Framework for an Emerging Set of Public Health Informatics Methods to Analyze Search, Communication and Publication Behavior on the Internet},
  journal = {Journal of Medical Internet Research},
  year    = {2009},
  volume  = {11},
  number  = {1},
  pages   = {e11},
  note    = {PMID: 19329408},
  doi     = {10.2196/jmir.1157},
  url     = {http://www.jmir.org/2009/1/e11},
}

@Article{sarker15,
  author  = {Abeed Sarker and Rachel Ginn and Azadeh Nikfarjam and Karen O’Connor and Karen Smith and Swetha Jayaraman and Tejaswi Upadhaya and Graciela Gonzalez},
  title   = {Utilizing social media data for pharmacovigilance: A review},
  journal = {Journal of Biomedical Informatics},
  year    = {2015},
  volume  = {54},
  pages   = {202–212},
  month   = feb,
  doi     = {https://doi.org/10.1016/j.jbi.2015.02.004},
  url     = {http://www.sciencedirect.com/science/article/pii/S1532046415000362},
}

@InProceedings{dredze13,
  author       = {Mark Dredze and Michael J. Paul and Shane Bergsma and Hieu Tran},
  title        = {Carmen: a twitter geolocation system with applications to public health.},
  booktitle    = {Proceedings of AAAI workshop on expanding the boundaries of health informatics using AI. (HIAI).},
  year         = {2013},
  editor       = {Association for the Advancement of Artificial Intelligence},
  pages        = {20–24},
  month        = jun,
  organization = {aaai.org},
  url          = {http://www.aaai.org/ocs/index.php/WS/AAAIW13/paper/download/7085/6497},
}

@Article{tramil69,
  author  = {Jeffrey Travers and Stanley Milgram},
  title   = {An Experimental Study of the Small World Problem},
  journal = {Sociometry},
  year    = {1969},
  volume  = {32},
  number  = {4},
  pages   = {425-443},
  month   = dec,
  note    = {Published by the American Sociological Association},
  doi     = {10.2307/2786545},
  url     = {http://www.jstor.org/stable/2786545},
}

@Article{shaham03,
  author  = {Shaham, Yavin and Shalev, Uri and Lu, Lin and de Wit, Harriet and Stewart, Jane},
  title   = {The reinstatement model of drug relapse: history, methodology and major findings},
  journal = {Psychopharmacology},
  year    = {2003},
  volume  = {168},
  number  = {1},
  pages   = {3--20},
  month   = {Jul},
  issn    = {1432-2072},
  day     = {01},
  doi     = {10.1007/s00213-002-1224-x},
  url     = {url="https://doi.org/10.1007/s00213-002-1224-x"},
}

@Article{centola10,
  author  = {Damon Centola},
  title   = {The Spread of Behavior in an Online Social Network Experiment},
  journal = {Science},
  year    = {2010},
  volume  = {329},
  pages   = {1194},
  month   = sep,
  doi     = {10.1126/science.1185231},
  url     = {http://image.sciencenet.cn/olddata/kexue.com.cn/upload/blog/file/2010/12/2010122110322935115.pdf},
}

@Article{sarker16b,
  author  = {Abeed Sarker and Graciela Gonzalez},
  title   = {A corpus for mining drug-related knowledge from Twitter chatter: Language models and their utilities},
  journal = {Data in Brief},
  year    = {2016},
  volume  = {10},
  pages   = {122-131},
  month   = feb,
  note    = {ISSN 2352-3409},
  doi     = {https://doi.org/10.1016/j.dib.2016.11.056},
}

@Article{lord11,
  author    = {Sarah Lord and Julie Brevard and Simon Budman},
  title     = {Connecting to Young Adults: An Online Social Network Survey of Beliefs and Attitudes Associated With Prescription Opioid Misuse Among College Students},
  journal   = {Substance Use and Misuse},
  year      = {2011},
  volume    = {46},
  number    = {1},
  pages     = {66-76},
  note      = {PMID: 21190407},
  doi       = {10.3109/10826084.2011.521371},
  eprint    = {https://doi.org/10.3109/10826084.2011.521371},
  publisher = {Taylor and Francis},
  url       = {https://doi.org/10.3109/10826084.2011.521371},
}

@InProceedings{shiverick17,
  author    = {Sean M. Shiverick},
  title     = {Using machine learning classification of opioid addiction for big data health analytics},
  booktitle = {Use Cases in Big Data Software and Analytics},
  year      = {2017},
  editor    = {Gregor von Laszewski},
  volume    = {3},
  pages     = {272-282},
  month     = dec,
  publisher = {cloudmesh.io},
  owner     = {Indiana University-Bloomington},
}

@Book{zafarani14,
  title     = {Social Media Mining},
  publisher = {Cambridge University Press},
  year      = {2014},
  author    = {Reza Zafarani and Mohammad Ali-Abbasi and Huan Liu},
  address   = {New York: NY},
  url       = {http://dmml.asu.edu/smm/SMM.pdf},
}

@Book{golbeck13,
  title     = {Analyzing the Social Web},
  publisher = {Elsevier},
  year      = {2013},
  author    = {Jennifer Golbeck},
  address   = {Waltham, MA},
  url       = {http://analyzingthesocialweb.com/course-materials.shtml},
}

@Comment{jabref-meta: databaseType:bibtex;}
